@article{martineau_survey_2017,
  title   = {A survey on image-based insect classification},
  author  = {Maxime
             Martineau and Donatello Conte and Romain Raveaux and Ingrid Arnault
             and Damien Munier and Gilles Venturini},
  journal = {Pattern Recognit.},
  year    = {2017},
  volume  = {65},
  pages   = {273-284}
}

@inproceedings{perrichot_antweb_2012,
  title       = {{AntWeb}: digitizing {Recent} and fossil insects for an online
                 database of the ants of the world},
  shorttitle  = {{AntWeb}},
  url         = {https://hal-insu.archives-ouvertes.fr/insu-00805243},
  language    = {en},
  author      = {Perrichot,
                 Vincent and Fisher, Brian},
  month       = sep,
  year        = {2012},
  booktitle   = {{Digital Fossil
                 International Conference}},
  hal_id      = {insu-00805243},
  hal_version = {v1}
}

@article{reed_review_1993,
  author   = {Reed, T.R. and Dubuf, J.M.H.},
  journal  = {CVGIP: Image
              Understanding},
  title    = {A {Review} of {Recent} {Texture} {Segmentation}
              and {Feature} {Extraction} {Techniques}},
  year     = {1993},
  issn     = {10499660},
  month    = may,
  number   = {3},
  pages    = {359--372},
  volume   = {57},
  doi      = {10.1006/ciun.1993.1024},
  language = {en},
  url      = {https://linkinghub.elsevier.com/retrieve/pii/S1049966083710247}
}

@inproceedings{boudra_plant_2018,
  author     = {Boudra, Safia and Yahiaoui, Itheri and Behloul, Ali},
  booktitle  = {2018 24th {International} {Conference} on {Pattern} {Recognition}
                ({ICPR})},
  title      = {Plant identification from bark: {A} texture
                description based on {Statistical} {Macro} {Binary} {Pattern}},
  year       = {2018},
  month      = aug,
  note       = {ISSN: 1051-4651},
  pages      = {1530--1535},
  doi        = {10.1109/ICPR.2018.8545798},
  keywords   = {Encoding, Prototypes,
                Quantization (signal), Histograms, Image coding, Feature
                extraction, Image recognition},
  shorttitle = {Plant identification from bark}
}

@article{maillard_texture_2003,
  author  = {P. Maillard},
  journal = {Photogrammetric Engineering and Remote
             Sensing},
  title   = {Comparing Texture Analysis Methods through
             Classification},
  year    = {2003},
  pages   = {357-367},
  volume  = {69}
}

@article{tihelka_evolution_2021,
  title   = {The evolution of insect biodiversity},
  journal = {Current
             Biology},
  volume  = {31},
  number  = {19},
  pages   = {R1299-R1311},
  year    = {2021},
  issn    = {0960-9822},
  doi     = {https://doi.org/10.1016/j.cub.2021.08.057},
  url     = {https://www.sciencedirect.com/science/article/pii/S0960982221011933},
  author  = {Erik Tihelka and Chenyang Cai and Mattia Giacomelli and Jesus
             Lozano-Fernandez and Omar Rota-Stabelli and Diying Huang and
             Michael S. Engel and Philip C.J. Donoghue and Davide Pisani}
}

@book{gullan_insects_2009,
  author     = {Gullan, P. J and Cranston, P. S},
  publisher  = {Wiley},
  title      = {Insects: an {Outline} of {Entomology}.},
  year       = {2009},
  address    = {Hoboken},
  isbn       = {9781405144575},
  note       = {OCLC: 1048427241},
  language   = {English},
  shorttitle = {Insects},
  url        = {http://qut.eblib.com.au/patron/FullRecord.aspx?p=233169}
}


@book{berenbaum_bugs_1996,
  title      = {Bugs {In} {The} {System}: {Insects} {And} {Their} {Impact} {On}
                {Human} {Affairs}},
  isbn       = {9780465024452},
  shorttitle = {Bugs {In}
                {The} {System}},
  language   = {en},
  publisher  = {Basic Books},
  author     = {Berenbaum, May},
  month      = jun,
  year       = {1996},
  keywords   = {Science / Life Sciences /
                Zoology / Entomology, Nature / Animals / Insects \& Spiders}
}


@inproceedings{lim_performance_2017,
  title     = {Performance effect analysis for insect classification using
               convolutional neural network},
  doi       = {10.1109/ICCSCE.2017.8284406},
  booktitle = {2017 7th {IEEE}
               {International} {Conference} on {Control} {System},
               {Computing} and {Engineering} ({ICCSCE})},
  author    = {Lim, Suchang and Kim,
               Seunghyun and Kim, Doyeon},
  month     = nov,
  year      = {2017},
  keywords  = {Insects,
               Feature extraction, Convolution, Kernel, Data mining,
               Convolutional neural networks, Insect classification,
               Convolutional neural network, Convolution layer, Convolution
               kernel},
  pages     = {210--215}
}

@inproceedings{deng_imagenet_2009,
  title      = {{ImageNet}: {A} large-scale hierarchical image database},
  shorttitle = {{ImageNet}},
  doi        = {10.1109/CVPR.2009.5206848},
  booktitle  = {2009 {IEEE} {Conference} on {Computer}
                {Vision} and {Pattern} {Recognition}},
  author     = {Deng, Jia and Dong, Wei
                and Socher, Richard and Li, Li-Jia and Li, Kai and Fei-Fei, Li},
  month      = jun,
  year       = {2009},
  note       = {ISSN: 1063-6919},
  keywords   = {Large-scale systems, Image databases, Explosions, Internet,
                Robustness,
                Information retrieval, Image retrieval, Multimedia databases,
                Ontologies, Spine},
  pages      = {248--255}
}

@misc{imagenet_labels,
  title      = {text: imagenet 1000 class idx to human readable labels},
  shorttitle = {text: imagenet 1000 class idx to human readable labels},
  url        = {https://gist.github.com/yrevar/942d3a0ac09ec9e5eb3a},
  language   = {en},
  journal    = {Gist},
  author     = {Carlos Guestrin and Emily Fox}
}

@misc{glick_insect_2016,
  title    = {Insect {Classification} {With} {Heirarchical} {Deep}
              {Convolutional} {Neural} {Networks} {Convolutional} {Neural}
              {Networks} for {Visual} {Recognition} ( {CS} 231 {N} )},
  url      = {https://www.semanticscholar.org/paper/Insect-Classification-With-Heirarchical-Deep-Neural-Glick-Miller/bb8316bb841bf6667431bf755f6fe01ec013b8d5},
  language = {en},
  author   = {Glick, Jeffrey A. and Miller, K.},
  year     = {2016}
}

@article{thenmozhi_crop_2019,
  title    = {Crop pest classification based on deep convolutional neural
              network and transfer learning},
  volume   = {164},
  issn     = {0168-1699},
  url      = {https://www.sciencedirect.com/science/article/pii/S0168169919310695},
  doi      = {10.1016/j.compag.2019.104906},
  language = {en},
  journal  = {Computers and Electronics in Agriculture},
  author   = {Thenmozhi,
              K. and Srinivasulu Reddy, U.},
  month    = sep,
  year     = {2019},
  keywords = {Insect classification, Field crops, Convolutional neural
              network, Deep learning, Transfer learning},
  pages    = {104906}
}

@article{kaloudis_insect_2005,
  title    = {Insect identification expert system for forest protection},
  volume   = {28},
  issn     = {0957-4174},
  url      = {https://www.sciencedirect.com/science/article/pii/S0957417404001496},
  doi      = {10.1016/j.eswa.2004.12.005},
  language = {en},
  number   = {3},
  journal  = {Expert Systems with Applications},
  author   = {Kaloudis, S. and
              Anastopoulos, D. and Yialouris, C. P. and Lorentzos, N. A. and
              Sideridis, A. B.},
  month    = apr,
  year     = {2005},
  keywords = {Forest pest management,
              Diagnostic expert systems, Decision support system},
  pages    = {445--452}
}

@article{xia_insect_2018,
  title   = {Insect {Detection} and {Classification} {Based} on an {Improved}
             {Convolutional} {Neural} {Network}},
  volume  = {18},
  issn    = {1424-8220},
  url     = {https://www.ncbi.nlm.nih.gov/pmc/articles/PMC6308804/},
  doi     = {10.3390/s18124169},
  number  = {12},
  journal = {Sensors
             (Basel, Switzerland)},
  author  = {Xia, Denan and Chen, Peng and Wang, Bing
             and Zhang, Jun and Xie, Chengjun},
  month   = nov,
  year    = {2018},
  pmid    = {30486481},
  pmcid   = {PMC6308804},
  pages   = {4169}
}

@inproceedings{feng_automated_2013,
  title     = {Automated identification and retrieval of moth images with
               semantically related visual attributes on the wings},
  doi       = {10.1109/ICIP.2013.6738531},
  booktitle = {2013
               {IEEE} {International} {Conference} on {Image} {Processing}},
  author    = {Feng, Linan and Bhanu, Bir},
  month     = sep,
  year      = {2013},
  note      = {ISSN:
               2381-8549},
  keywords  = {Entomological image identification and retrieval,
               semantically-related visual attribtues, attribute cooccurrence pattern
               detection},
  pages     = {2577--2581}
}

@article{gotlieb_texture_1990,
  title    = {Texture descriptors based on co-occurrence matrices},
  volume   = {51},
  issn     = {0734189X},
  url      = {https://linkinghub.elsevier.com/retrieve/pii/S0734189X05800635},
  doi      = {10.1016/S0734-189X(05)80063-5},
  language = {en},
  number   = {1},
  journal  = {Computer Vision, Graphics, and Image Processing},
  author   = {Gotlieb, Calvin C. and Kreyszig, Herbert E.},
  month    = jul,
  year     = {1990},
  pages    = {70--86}
}

@article{lowe_distinctive_2004,
  title    = {Distinctive {Image} {Features} from {Scale}-{Invariant}
              {Keypoints}},
  volume   = {60},
  issn     = {0920-5691},
  url      = {http://link.springer.com/10.1023/B:VISI.0000029664.99615.94},
  doi      = {10.1023/B:VISI.0000029664.99615.94},
  language = {en},
  number   = {2},
  journal  = {International Journal of Computer Vision},
  author   = {Lowe, David G.},
  month    = nov,
  year     = {2004},
  pages    = {91--110}
}

@article{hassan_advances_2014,
  title   = {Advances in {Automatic} {Insect} {Classification}},
  volume  = {3},
  issn    = {22005846},
  url     = {http://www.wireilla.com/engg/eeeij/papers/3214elelij04.pdf},
  doi     = {10.14810/elelij.2014.3204},
  number  = {2},
  journal = {Electrical and Electronics Engineering: An International Journal},
  author  = {Hassan, Siti N. A and Rahman, Nadiah S. A and Htike, Zaw Zaw and Win, Shoon
             Le},
  month   = may,
  year    = {2014},
  pages   = {51--63}
}

@article{sosiak_multidimensional_2021,
  title    = {Multidimensional trait morphology predicts ecology across ant
              lineages},
  volume   = {35},
  issn     = {0269-8463, 1365-2435},
  url      = {https://onlinelibrary.wiley.com/doi/10.1111/1365-2435.13697},
  doi      = {10.1111/1365-2435.13697},
  language = {en},
  number   = {1},
  journal  = {Functional Ecology},
  author   = {Sosiak, Christine E.
              and Barden, Phillip},
  editor   = {Higham, Timothy},
  month    = jan,
  year     = {2021},
  pages    = {139--152}
}


@article{cao_online_2020,
  title      = {Online tracking of ants based on deep association metrics: method,
                dataset and evaluation},
  volume     = {103},
  issn       = {00313203},
  shorttitle = {Online tracking of ants based on deep association metrics},
  url        = {https://linkinghub.elsevier.com/retrieve/pii/S003132032030039X},
  doi        = {10.1016/j.patcog.2020.107233},
  language   = {en},
  journal    = {Pattern Recognition},
  author     = {Cao, Xiaoyan and Guo, Shihui and
                Lin, Juncong and Zhang, Wenshu and Liao, Minghong},
  month      = jul,
  year       = {2020},
  pages      = {107233}
}

@article{gal_antrax_2020,
  title    = {{anTraX}, a software package for high-throughput video tracking of
              color-tagged insects},
  volume   = {9},
  issn     = {2050-084X},
  doi      = {10.7554/eLife.58145},
  language = {eng},
  journal  = {eLife},
  author   = {Gal, Asaf and Saragosti, Jonathan and
              Kronauer, Daniel Jc},
  month    = nov,
  year     = {2020},
  pmid     = {33211008},
  pmcid    = {PMC7676868},
  keywords = {Algorithms, Animals, Behavior, Animal, Image
              Processing, Computer-Assisted, Insecta, Software, Video Recording, ants,
              collective behavior, ethology, formicidae, machine learning, machine vision,
              neuroscience, social behavior, social insects, tracking},
  pages    = {e58145}
}

@techreport{sclocco_integrating_2020,
  title       = {Integrating real-time data analysis into automatic tracking of
                 social insect behavior},
  copyright   = {© 2020, Posted by Cold Spring Harbor
                 Laboratory. This pre-print is available under a Creative Commons License
                 (Attribution-NonCommercial-NoDerivs 4.0 International), CC BY-NC-ND 4.0, as
                 described at http://creativecommons.org/licenses/by-nc-nd/4.0/},
  url         = {https://www.biorxiv.org/content/10.1101/2020.11.03.366195v1},
  language    = {en},
  institution = {bioRxiv},
  author      = {Sclocco, Alessio and Ong,
                 Shirlyn Jia Yun and Aung, Sai Yan Pyay and Teseo, Serafino},
  month       = nov,
  year        = {2020},
  note        = {Type: article},
  pages       = {2020.11.03.366195}
}

@article{chandra_foraging_2021,
  title    = {Foraging and feeding are independently regulated by social and
              personal hunger in the clonal raider ant},
  volume   = {75},
  issn     = {1432-0762},
  url      = {https://doi.org/10.1007/s00265-021-02985-7},
  doi      = {10.1007/s00265-021-02985-7},
  language = {en},
  number   = {2},
  journal  = {Behavioral Ecology and Sociobiology},
  author   = {Chandra, Vikram and
              Kronauer, Daniel J. C.},
  month    = jan,
  year     = {2021},
  pages    = {41}
}

@article{fetter_oxytocin_2021,
  title    = {An oxytocin/vasopressin-related neuropeptide modulates social
              foraging behavior in the clonal raider ant},
  volume   = {19},
  issn     = {1545-7885},
  url      = {https://journals.plos.org/plosbiology/article?id=10.1371/journal.pbio.3001305},
  doi      = {10.1371/journal.pbio.3001305},
  language = {en},
  number   = {6},
  journal  = {PLOS Biology},
  author   = {Fetter-Pruneda, Ingrid and Hart, Taylor
              and Ulrich, Yuko and Gal, Asaf and Oxley, Peter R. and Olivos-Cisneros,
              Leonora and Ebert, Margaret S. and Kazmi, Manija A. and Garrison, Jennifer L.
              and Bargmann, Cornelia I. and Kronauer, Daniel J. C.},
  month    = jun,
  year     = {2021},
  keywords = {Ants, Animal sociality, Larvae, Behavior, Foraging,
              Social systems, Animal behavior, Pupae},
  pages    = {e3001305}
}

@article{liu_pestnet_2019,
  title      = {{PestNet}: {An} {End}-to-{End} {Deep} {Learning} {Approach} for
                {Large}-{Scale} {Multi}-{Class} {Pest} {Detection} and {Classification}},
  volume     = {7},
  issn       = {2169-3536},
  shorttitle = {{PestNet}},
  doi        = {10.1109/ACCESS.2019.2909522},
  journal    = {IEEE Access},
  author     = {Liu, Liu and Wang, Rujing and Xie, Chengjun and Yang, Po and Wang, Fangyuan
                and Sudirman, Sud and Liu, Wancai},
  year       = {2019},
  keywords   = {Feature
                extraction, Proposals, Insects, Training, Deep learning, Task analysis,
                Computer architecture, Channel-spatial attention, convolutional neural
                network, multi-class pest detection, position-sensitive score map, region
                proposal network},
  pages      = {45301--45312}
}

@article{kasinathan_machine_2021,
  title    = {Machine learning ensemble with image processing for pest
              identification and classification in field crops},
  volume   = {33},
  issn     = {1433-3058},
  url      = {https://doi.org/10.1007/s00521-020-05497-z},
  doi      = {10.1007/s00521-020-05497-z},
  language = {en},
  number   = {13},
  journal  = {Neural Computing and Applications},
  author   = {Kasinathan, Thenmozhi and
              Uyyala, Srinivasulu Reddy},
  month    = jul,
  year     = {2021},
  pages    = {7491--7504}
}

@inproceedings{urteaga_scorpions_2016,
  title      = {Scorpions: {Classification} of poisonous species using shape
                features},
  shorttitle = {Scorpions},
  doi        = {10.1109/CONIELECOMP.2016.7438563},
  booktitle  = {2016 {International}
                {Conference} on {Electronics}, {Communications} and {Computers}
                ({CONIELECOMP})},
  author     = {Urteaga-Reyesvera, J. Carlos and
                Possani-Espinosa, Andre},
  month      = feb,
  year       = {2016},
  keywords   = {Artificial neural networks, Insects, Shape, Support vector machines, Feature
                extraction, Vegetation, Scorpions, species classification, shape feature,
                random forest},
  pages      = {125--129}
}
